@online{PicoBlaze,
author = {Xilinx},
title = {PicoBlaze 8-bit Microcontroller},
year = {2011},
url = {http://www.xilinx.com/products/intellectual-property/picoblaze.html}
}

@manual{KCPSM6,
author = {Ken Chapman},
title = {PicoBlaze for Spartan-6, Virtex-6 and 7-Series (KCPSM6)},
year = {2012}
}

@article{kadlec2005floating,
  title={Floating-point controller as a picoblaze network on a single spartan 3 FPGA},
  author={Kadlec, J. and Gook, Roger},
  booktitle={MAPLD 2005 International Conference Proceedings (Washington)(RB Katz, ed.), NASA Office of Logic Design},
  pages={1--11},
  year={2005}
}

@article{ref_elliptic,
author={Hassan, M.N. and Benaissa, M.},
booktitle={Circuits and Systems (ISCAS), Proceedings of 2010 IEEE International Symposium on},
title={A scalable hardware/software co-design for elliptic curve cryptography on PicoBlaze microcontroller},
year={2010},
month={May},
pages={2111-2114},
keywords={field programmable gate arrays;hardware-software codesign;logic design;microcontrollers;performance evaluation;public key cryptography;PicoBlaze microcontroller;Spartan III XC3S200;Xilinx FPGA;Xilinx Spartan III;elliptic curve cryptography;free-soft-core processor;multiprecision arithmetic;performance evaluation;scalable hardware-software co-design;system on-chip integration;Arithmetic;Circuits;Computer architecture;Elliptic curve cryptography;Field programmable gate arrays;Galois fields;Hardware;Microcontrollers;NIST;Software performance;Binary finite fields;Elliptic curve cryptography;Embedded systems;FPGA},
doi={10.1109/ISCAS.2010.5537064}}

@article{ref_paral_exec,
author={Pengyuan Yu and Schaumont, P.},
booktitle={Field Programmable Logic and Applications, 2006. FPL '06. International Conference on},
title={Executing Hardware as Parallel Software for Picoblaze Networks},
year={2006},
month={Aug},
pages={1-6},
keywords={cryptography;hardware description languages;logic partitioning;microprocessor chips;multiprocessing systems;PicoBlaze networks;PicoBlaze processors;cryptographic design;multiprocessor program;parallel input specification;parallel software;single-core design;synchronous hardware description language;systematic transformation process;Clocks;Computer architecture;Cryptography;Design optimization;Field programmable gate arrays;Hardware design languages;Parallel processing;Parallel programming;Silicon;Yarn},
doi={10.1109/FPL.2006.311237}}

@online{picoLib,
author = {Patrick Lehmann},
title = {PicoBlaze-Library},
year = {2015},
url = {https://github.com/Paebbels/PicoBlaze-Library},
}

@online{Atlys,
author = {Xilinx},
title = {XUP Atlys Board},
year = {2015},
url = {http://www.xilinx.com/support/university/boards-portfolio/xup-boards/AtlysBoard.html},
}
